@article{BeGa08cusp,
    title = "Efficient Sparse Matrix-Vector Multiplication on CUDA",
    author = "Bell, Nathan and Garland, Michael",
    month = dec,
    year =  "2008"
}

@misc{Cusp,
  author = "Nathan Bell and Michael Garland",
  title = "Cusp: Generic Parallel Algorithms for Sparse Matrix and Graph Computations",
  year = "2010",
  url = "\url{http://cusp-library.googlecode.com}",
  note = "Version 0.1.2; \url{http://cusp-library.googlecode.com} Online: accessed \today"
}

@Article{ AugThiNamWac11CCPE,
author = {C{\'e}dric Augonnet and Samuel Thibault and Raymond Namyst and Pierre-Andr{\'e} Wacrenier},
title = {{StarPU: A Unified Platform for Task Scheduling on Heterogeneous Multicore Architectures}},
journal = {Concurrency and Computation: Practice and Experience, Special Issue: Euro-Par 2009},
volume = 23,
issue = 2,
pages = {187--198},
year = 2011,
month = FEB,
publisher = {John Wiley & Sons, Ltd.},
doi = {10.1002/cpe.1631},
url = {http://hal.inria.fr/inria-00550877},
keywords = {StarPU} 
}

@unpublished{ HarrisReductionCUDA,
author = {NVIDIA Developer Technology Mark Harris},
title = {Optimizing Parallel Reduction in CUDA}
}

@Book{Saad96IMSLS,
  author =	"Yousef Saad",
  title =	"Iterative Methods for Sparse Linear Systems",
  publisher =	"PWS",
  address =	"Boston",
  year = 	"1996",
  referred =	"[Frommer1999a].",
  ISBN = 	"053494776X"
}

@misc{cuspNoMulti,
  title = "Issue 60: Does CUSP automatically support multiple GPU",
  url = "\url{http://code.google.com/p/cusp-library/issues/detail?id=60}" ,
  note = "\url{http://code.google.com/p/cusp-library/issues/detail?id=60} Online: accessed \today" 
}

@manual{opencl10,
  author = {{Khronos OpenCL Working Group}},
  title = {The OpenCL Specification, version 1.1.36},
  url = {www.khronos.org/registry/cl/specs/opencl-1.1.pdf},
  note = "\url{www.khronos.org/registry/cl/specs/opencl-1.1.pdf} Online: accessed \today" ,
  year = 2010,
  month = {September}
}

@manual{cuda11,
  author = {{NVIDIA}},
  title = {NVIDIA CUDA C Programming Guide, version 4.0},
  url = {http://developer.download.nvidia.com/compute/DevZone/docs/html/C/doc/CUDA_C_Programming_Guide.pdf},
  note = "\url{http://developer.download.nvidia.com/compute/DevZone/docs/html/C/doc/CUDA_C_Programming_Guide.pdf} Online: accessed \today" ,
  year = 2011,
  month = {May}
}

@manual{cusparse11,
  author = {{NVIDIA}},
  title = {CUSPARSE User Guide, version 4.0},
  url = {http://developer.download.nvidia.com/compute/DevZone/docs/html/CUDALibraries/doc/CUSPARSE_Library.pdf},
  note = "\url{http://developer.download.nvidia.com/compute/DevZone/docs/html/CUDALibraries/doc/CUSPARSE_Library.pdf} Online: accessed \today" ,
  year = 2011,
  month = {January}
}

@InProceedings{VOFG10Improving,
  title = {Improving the Performance of the Sparse Matrix Vector Product with {GPU}s},
  author = {F. Vazquez and G. Ortega and Jos{\'e}-Jes{\'u}s Fern{\'a}ndez and Ester M. Garz{\'o}n"},
  publisher = "IEEE Computer Society",
  year = 2010,
  URL = "http://doi.ieeecomputersociety.org/10.1109/CIT.2010.208"
}

@techreport{LiSa10GAPILS,
  title = {{GPU}-Accelerated Preconditioned Iterative Linear Solvers},
  author = {R. Li and Y. Saad}, 
  institution=msi,
  address=uofmad,
  number={umsi-2010-112},
  year={2010},
  thanks={DOE DE-FG 08ER 25841}
}
