@Article{BeGa08cusp,
	Month = {Dec.},
	author = {Bell, Nathan and Garland, Michael},
	title = {Efficient Sparse Matrix-Vector Multiplication on CUDA},
	year = {2008},
}

@Article{starpu,
	Doi = {10.1002/cpe.1631},
	Keywords = {StarPU},
	Month = {Feb.},
	Publisher = {John Wiley \& Sons, Ltd.},
	author = {Augonnet, C{\'{e}}dric and Thibault, Samuel and Namyst, Raymond and Wacrenier, Pierre-Andr{\'{e}}},
	title = {{StarPU}: A Unified Platform for Task Scheduling on Heterogeneous Multicore Architectures},
	journal = {Concurrency and Computation: Practice and Experience, Special Issue: Euro-Par 2009},
	volume = {23},
	number = {2},
	pages = {187-198},
	year = {2011},
}

@Unpublished{HarrisReductionCUDA,
	author = {Harris, NVIDIA Developer Technology Mark},
	title = {Optimizing Parallel Reduction in CUDA},
	year = {2008},
}

@Book{Saad96IMSLS,
	Address = {Boston, MA, USA},
	Isbn = {053494776X},
	Month = {Jul.},
	Publisher = {PWS},
	Referred = {Frommer1999a},
	author = {Saad, Yousef},
	title = {Iterative Methods for Sparse Linear Systems},
	year = {1996},
}

@Manual{opencl10,
	Month = {Sept.},
	Url = {www.khronos.org/registry/cl/specs/opencl-1.2.pdf},
	author = {Group, Khronos OpenCL Working},
	title = {The {OpenCL} Specification, version 1.2.19},
	year = {2012},
}

@InProceedings{VOFG10Improving,
	Publisher = {IEEE Computer Society},
	author = {Vazquez, F. and Ortega, G. and Fern{\'{a}}ndez, Jos{\'{e}}-Jes{\'{u}}s and Garz{\'{o}}n{``}, Ester M.},
	title = {Improving the Performance of the Sparse Matrix Vector Product with {GPUs}},
	year = {2010},
}

@TechReport{LiSa10GAPILS,
	Address = {uofmad},
	Publisher = {MSI},
	author = {Li, Ruipeng and Saad, Yousef},
	title = {{GPU}-Accelerated Preconditioned Iterative Linear Solvers},
	number = {umsi-2010-112},
	year = {2010},
}

@Book{ortega1988introduction,
	Isbn = {9780306428623},
	Lccn = {88000721},
	Publisher = {Springer},
	Series = {Frontiers of Computer Science},
	author = {Ortega, J. M.},
	title = {Introduction to Parallel and Vector Solution of Linear Systems},
	year = {1988},
}

@Article{GuSo05JAMC,
	Doi = {10.1007/BF02936055},
	Issn = {1598-5865},
	Keywords = {65F10, 65F50, 65N06, 15A23, Sparse linear systems, ordering methods, block incompleteLU factorization, Schur complement, convection-diffusion equations},
	Publisher = {Springer-Verlag},
	author = {Guessous, N. and Souhar, O.},
	title = {The effect of block red-black ordering on {blockILU} preconditioner for sparse matrices},
	journal = {Journal of Applied Mathematics and Computing},
	volume = {17},
	number = {1-2},
	pages = {283-296},
	year = {2005},
}

@Misc{Cusp,
	Note = {Version 0.3.0. http://cusp-library.googlecode.com},
	Url = {http://cusp-library.googlecode.com},
	author = {Bell, Nathan and Garland, Michael},
	title = {{Cusp}: Generic Parallel Algorithms for Sparse Matrix and Graph Computations},
	year = {2012},
}

@Manual{cuSPARSE,
	Author:corp = {NVIDIA},
	Keywords = {cuda, gpu},
	Month = {Feb.},
	Posted-at = {2012-02-08},
	Priority = {2},
	title = {{CUDA} Toolkit 4.2 {CUSPARSE} Library},
	year = {2012},
}


@Book{Intel::TBB,
	Address = {Sebastopol, CA, USA},
	Edition = {First},
	Isbn = {9780596514808},
	Publisher = {O{'}Reilly \& Associates, Inc.},
	author = {Reinders, James},
	title = {Intel threading building blocks},
	year = {2007},
}

@Manual{CUDA,
	Keywords = {cuda, gpu},
	Posted-at = {2012-04-16},
	Priority = {3},
	Url = {http://developer.download.nvidia.com/compute/cuda/1\_0/NVIDIA\_CUDA\_Programming\_Guide\_1.0.pdf},
	title = {NVIDIA CUDA Compute Unified Device Architecture - Programming Guide},
	year = {2012},
}

@Misc{OpenMP,
	Month = {May},
	Url = {http://www.openmp.org/mp-documents/spec30.pdf},
	author = {{OpenMP Architecture Review Board}},
	title = {{OpenMP} Application Program Interface Version 3.0},
	year = {2008},
}

@InProceedings{next_touch,
	Address = {New York, NY, USA},
	BookTitle = {Proceedings of the 19th annual international conference on Supercomputing},
	Isbn = {1-59593-167-8},
	Location = {Cambridge, Massachusetts},
	Numpages = {6},
	Publisher = {ACM},
	Series = {ICS~{'}05},
	author = {L{\"{o}}f, Henrik and Holmgren, Sverker},
	title = {affinity-on-next-touch: increasing the performance of an industrial {PDE} solver on a {cc-NUMA} system},
	pages = {387-392},
	year = {2005},
}

@TechReport{xkaapi,
	Keywords = {parallel computing; X-Kaapi; Europlexus},
	Month = {Feb.},
	Pages = {16},
	Pdf = {http://hal.inria.fr/hal-00727827/PDF/RR-8058.pdf},
	Publisher = {Inria},
	author = {Gautier, Thierry and Lementec, Fabien and Faucher, Vincent and Raffin, Bruno},
	title = {{X-Kaapi}: a Multi Paradigm Runtime for Multicore Architectures},
	number = {RR-8058},
	year = {2012},
}

@InProceedings{Cilk,
	Acmid = {209958},
	Address = {New York, NY, USA},
	BookTitle = {Proceedings of the fifth ACM SIGPLAN symposium on Principles and practice of parallel programming},
	Doi = {10.1145/209936.209958},
	Isbn = {0-89791-700-6},
	Location = {Santa Barbara, California, United States},
	Numpages = {10},
	Publisher = {ACM},
	Series = {PPOPP~{'}95},
	author = {Blumofe, Robert D. and Joerg, Christopher F. and Kuszmaul, Bradley C. and Leiserson, Charles E. and Randall, Keith H. and Zhou, Yuli},
	title = {Cilk: an efficient multithreaded runtime system},
	pages = {207-216},
	year = {1995},
}

@Article{openmptasks,
	Address = {Los Alamitos, CA, USA},
	Issn = {1045-9219},
	Publisher = {IEEE Computer Society},
	author = {Ayguade, Eduard and Copty, Nawal and Duran, Alejandro and Hoeflinger, Jay and Lin, Yuan and Massaioli, Federico and Teruel, Xavier and Unnikrishnan, Priya and Zhang, Guansong},
	title = {The Design of {OpenMP} Tasks},
	journal = {IEEE Transactions on Parallel and Distributed Systems},
	Series = {TPDS~{'}09},
	volume = {20},
	number = {3},
	pages = {404-418},
	year = {2009},
}

@InProceedings{GeY96,
	BookTitle = {International Symposium on Parallel Architectures, Algorithms and Networks},
	Series = {ISPAN~{'}96},
	Publisher = {IEEE Computer Society},
	Researchr = {http://researchr.org/publication/GeY96},
	author = {Ge, Yiqun and Yun, David Y. Y.},
	title = {A Method that Determines Optimal Grain Size and Inherent Parallelism Concurrently},
	pages = {200-206},
	month = {June},
	year = {1996},
}

@InProceedings{Cosnard98lowmemory,
	BookTitle = {In IEEE International Parallel Processing Symposium},
	Series = {IPPS~{'}98},
	Publisher = {IEEE Computer Society},
	author = {Cosnard, Michel and Lorraine, Loria and Jeannot, Emmanuel and Rougeot, Laurence},
	title = {Low Memory Cost Dynamic Scheduling of Large Coarse Grain Task Graphs},
	year = {1998},
}

@InProceedings{scoopp,
	Acmid = {662143},
	Address = {Washington, DC, USA},
	BookTitle = {Proceedings of the 13th International Symposium on Parallel Processing and the 10th Symposium on Parallel and Distributed Processing},
	Isbn = {0-7695-0143-5},
	Numpages = {5},
	Publisher = {IEEE Computer Society},
	Series = {IPPS~{'}99/SPDP~{'}99},
	author = {Sobral, Jo{\~{a}}o Lu{\'{i}}s and Proen{\c{c}}a, Alberto Jos{\'{e}}},
	title = {Dynamic Grain-Size Adaptation on Object Oriented Parallel Programming The {SCOOPP} Approach},
	pages = {728-732},
	year = {1999},
}

@InProceedings{Khan94acomparison,
	BookTitle = {Proceedings of the 1994 International Conference on Parallel Processing, volume II},
	author = {Khan, A. A. and McCreary, C. L. and Jones, M. S.},
	title = {A Comparison of Multiprocessor Scheduling Heuristics},
	pages = {243-250},
	year = {1994},
}

@InCollection{capsules,
	BookTitle = {Languages and Compilers for Parallel Computing},
	Chapter = {Lecture Notes in Computer Science},
	Editor = {Adve, Vikram and Garzar{\'{a}}n, Mar{\'{i}}aJes{\'{u}}s and Petersen, Paul},
	Isbn = {978-3-540-85260-5},
	Publisher = {Springer Berlin Heidelberg},
	author = {Mandviwala, HasnainA. and Ramachandran, Umakishore and Knobe, Kathleen},
	title = {Capsules: Expressing Composable Computations in a Parallel Programming Model},
	volume = {5234},
	pages = {276-291},
	year = {2008},
}

@InProceedings{unifieddataflow,
	BookTitle = {Parallel Architectures and Compilation Techniques},
	Series = {PACT~{'}11},
	Month = {Oct.},
	author = {Vandierendonck, H. and Tzenakis, G. and Nikolopoulos, D. S.},
	title = {A Unified Scheduler for Recursive and Task Dataflow Parallelism},
	pages = {1-11},
	year = {2011},
}

@InProceedings{taskscomparison,
	Address = {Pisa, Italy},
	BookTitle = {3rd Workshop on Programmability Issues for Multi-Core Computers},
	author = {Podobas, Artur and Brorsson, Mats and Fax{\'{e}}n, Karl-Filip},
	title = {A Comparison of some recent Task-based Parallel Programming Models},
	year = {2010},
}

@InProceedings{GoFu09Next-touch,
	BookTitle = {IEEE International Symposium on Parallel Distributed Processing, 2009},
	Series = {IPDPS~{'}09},
	Publisher = {IEEE Computer Society},
	Month = {May},
	author = {Goglin, B. and Furmento, N.},
	title = {Enabling high-performance memory migration for multithreaded applications on LINUX},
	pages = {1-9},
	year = {2009},
}

@InCollection{bubblesched,
	BookTitle = {Euro-Par 2007 Parallel Processing},
	Isbn = {978-3-540-74465-8},
	Keywords = {Threads; Scheduling; Bubbles; NUMA; SMP; Multi-Core; SMT},
	Publisher = {Springer},
	author = {Thibault, Samuel and Namyst, Raymond and Wacrenier, Pierre-Andr{\'{e}}},
	title = {Building Portable Thread Schedulers for Hierarchical Multiprocessors: The BubbleSched Framework},
	volume = {4641},
	pages = {42-51},
	year = {2007},
}

@InProceedings{ompss,
	Address = {Berlin, Heidelberg},
	BookTitle = {Proceedings of the 17th international conference on Parallel processing - Volume Part I},
	Location = {Bordeaux, France},
	Publisher = {Springer-Verlag},
	Series = {Euro-Par~{'}11},
	author = {Bueno, Javier and Martinell, Luis and Duran, Alejandro and Farreras, Montse and Martorell, Xavier and Badia, Rosa M. and Ayguade, Eduard and Labarta, Jes{\'{u}}s},
	title = {Productive cluster programming with {OmpSs}},
	pages = {555-566},
	year = {2011},
}

@InProceedings{heft,
	Address = {Washington, DC, USA},
	BookTitle = {Proceedings of the Eighth Heterogeneous Computing Workshop},
	Publisher = {IEEE Computer Society},
	Series = {HCW~{'}99},
	author = {Topcuoglu, Haluk and Hariri, Salim and Wu, Min-You},
	title = {Task Scheduling Algorithms for Heterogeneous Processors},
	pages = {3},
	year = {1999},
}

@InProceedings{triplet,
	BookTitle = {IEEE International Symposium on Reliable Distributed Systems},
	Series = {SRDS~{'}01},
	Publisher = {IEEE Computer Society},
	author = {Cirou, Bertrand and Jeannot, Emmanuel},
	title = {Triplet: a Clustering Scheduling Algorithm for Heterogeneous Systems},
	pages = {231-236},
	year = {2001},
}

@article{article:BLAS,
 author = {Lawson, C. L. and Hanson, R. J. and Kincaid, D. R. and Krogh, F. T.},
 title = {Basic Linear Algebra Subprograms for Fortran Usage},
 journal = {ACM Trans. Math. Softw.},
 issue_date = {Sept. 1979},
 volume = {5},
 number = {3},
 month = sep,
 year = {1979},
 issn = {0098-3500},
 pages = {308--323},
 numpages = {16},
 url = {http://doi.acm.org/10.1145/355841.355847},
 doi = {10.1145/355841.355847},
 acmid = {355847},
 publisher = {ACM},
 address = {New York, NY, USA},
}


@article{SPE10,
 author = {Christie, M.A. and Blunt, M.J.},
 title = {Tenth SPE Comparative Solution Project: A Comparison of Upscaling Techniques},
 journal = {SPE Reservoir Evaluation \& Engineering},
 volume = {4},
 number = {04},
 month = Aug.,
 year = {2001},
 issn = {1094-6470},
 pages = {308--317},
 url = {http://dx.doi.org/10.2118/72469-PA},
 doi = {10.2118/72469-PA},
 publisher = {SOC PETROLEUM ENG}
}


@inproceedings{blas3_opt,
 author = {Whaley, R. Clint and Dongarra, Jack J.},
 title = {Automatically Tuned Linear Algebra Software},
 booktitle = {Proceedings of the 1998 ACM/IEEE Conference on Supercomputing},
 series = {SC '98},
 year = {1998},
 isbn = {0-89791-984-X},
 location = {San Jose, CA},
 pages = {1--27},
 numpages = {27},
 url = {http://dl.acm.org/citation.cfm?id=509058.509096},
 acmid = {509096},
 publisher = {IEEE Computer Society},
 address = {Washington, DC, USA},
 keywords = {BLAS, code generation, high performance, linear algebra, optimization, tuning},
} 


@Manual{nvidia_cublas,
  Title                    = {{CUBLAS Library User Guide}},
  Author                   = {nVidia},
  Edition                  = {v5.0},
  Month                    = oct,
  Organization             = {nVidia},
  Year                     = {2012},

  Citeulike-article-id     = {8694641},
  Citeulike-linkout-0      = {http://docs.nvidia.com/cublas/index.html},
  HowPublished             = {http://docs.nvidia.com/cublas/index.html},
  Keywords                 = {cuda, gpgpu, linear\_algebra, nvidia},
  Posted-at                = {2011-01-27 02:17:11},
  Priority                 = {0},
  Url                      = {http://docs.nvidia.com/cublas/index.html}
}

@book{intel_mkl,
    title    = {Intel Math Kernel Library. Reference Manual},
    publisher= {Intel Corporation},
    address  = {Santa Clara, USA},
    note     = {ISBN 630813-054US},
    year     = {2009},
}


@inproceedings{dplasma,
author = "Bosilca, G. and Bouteiller, A. and Danalis, A. and Faverge, M. and Haidar, H. and Herault, T. and Kurzak, J. and Langou, J. and Lemarinier, P. and Ltaief, H. and Luszczek, P. and YarKhan, A. and Dongarra, J.",
title = "Flexible Development of Dense Linear Algebra Algorithms on Massively Parallel Architectures with DPLASMA",
year = "2011",
address = "Anchorage, United States",
booktitle = "Proceedings of the 25th {IEEE} International Symposium on Parallel \& Distributed Processing Workshops and Phd Forum ({IPDPSW'11}), PDSEC 2011",
institution = "Innovative Computing Laboratory, University of Tennessee",
journal = "Innovative Computing Laboratory Technical Report",
month = "mai",
pages = "1432--1441",
url = {http://icl.cs.utk.edu/news_pub/submissions/DPLASMA_technical_report.pdf}
}

@article{PaRSEC,
  TITLE = {{PaRSEC: A programming paradigm exploiting heterogeneity for enhancing scalability}},
  AUTHOR = {Bosilca, George and Bouteiller, Aur{\'e}lien and Danalis, Anthony and Faverge, Mathieu and H{\'e}rault, Thomas and Dongarra, Jack},
  URL = {https://hal.inria.fr/hal-00930217},
  JOURNAL = {{Computing in Science and Engineering}},
  PUBLISHER = {{Institute of Electrical and Electronics Engineers (IEEE)}},
  VOLUME = {15},
  NUMBER = {6},
  PAGES = {36-45},
  YEAR = {2013},
  MONTH = Nov,
  DOI = {10.1109/MCSE.2013.98},
  HAL_ID = {hal-00930217},
  HAL_VERSION = {v1},
}

@article{Cilk++,
author = {Charles E. Leiserson},
title = {{The Cilk++ concurrency platform}},
journal = {The Journal of Supercomputing},
volume = {51},
year = {2009},
pages = {522--527},
fineissue = {3},
doi = {10.1145/1629911.1630048},
masid = {6032411}
}

@inproceedings {SMPSs,
	title = {A dependency-aware task-based programming environment for multi-core architectures},
	year = {2008},
	note = {pp. 142-151},
	month = {Sept},
        year = {2008},
	publisher = {Proceedings of the 2008 IEEE International Conference on Cluster Computing},
	author = {Josep M. P{\'e}rez and Rosa M. Badia and Jes{\'u}s Labarta}
}

@Misc{OpenACC,
	Month = {May},
	Url = {http://www.openacc.org/sites/default/files/OpenACC.2.0a_1.pdf},
	author = {{OpenACC-Standard}},
	title = {The {OpenACC} Application Programming Interface},
	year = {2013},
}
@techreport{plasma_lu,
  TITLE = {{Achieving Numerical Accuracy and High Performance using Recursive Tile LU Factorization}},
  AUTHOR = {Dongarra, Jack J. and Faverge, Mathieu and Ltaief, Hatem and Luszczek, Piotr},
  URL = {https://hal.inria.fr/hal-00809765},
  TYPE = {Research Report},
  YEAR = {2011},
  HAL_ID = {hal-00809765},
  HAL_VERSION = {v1},
}

@inproceedings{cao2005parallel,
  title={Parallel scalable unstructured CPR-type linear solver for reservoir simulation},
  author={Cao, Hui and Tchelepi, Hamdi A and Wallis, John Richard and Yardumian, Hrant E and others},
  booktitle={SPE Annual Technical Conference and Exhibition},
  year={2005},
  organization={Society of Petroleum Engineers}
}

@article{chow2014fine,
   title={Fine-Grained Parallel Incomplete LU Factorization},
   author={Chow, Edmond and Patel, Aftab},
   year={2014}
}

@article{red_black_ilu,
 author = {Doi, S.},
 title = {On Parallelism and Convergence of Incomplete LU Factorizations},
 journal = {Appl. Numer. Math.},
 issue_date = {June 1991},
 volume = {7},
 number = {5},
 month = jun,
 year = {1991},
 issn = {0168-9274},
 pages = {417--436},
 numpages = {20},
 url = {http://dx.doi.org/10.1016/0168-9274(91)90011-N},
 doi = {10.1016/0168-9274(91)90011-N},
 acmid = {127333},
 publisher = {Elsevier Science Publishers B. V.},
 address = {Amsterdam, The Netherlands, The Netherlands},
} 
[download]
