@article{BeGa08cusp,
    title = "Efficient Sparse Matrix-Vector Multiplication on CUDA",
    author = "Bell, Nathan and Garland, Michael",
    month = dec,
    year =  "2008"
}


@Article{ AugThiNamWac11CCPE,
author = {C{\'e}dric Augonnet and Samuel Thibault and Raymond Namyst and Pierre-Andr{\'e} Wacrenier},
title = {{StarPU: A Unified Platform for Task Scheduling on Heterogeneous Multicore Architectures}},
journal = {Concurrency and Computation: Practice and Experience, Special Issue: Euro-Par 2009},
volume = 23,
issue = 2,
pages = {187--198},
year = 2011,
month = Feb,
publisher = {John Wiley & Sons, Ltd.},
keywords = {StarPU} 
}

@manual{ HarrisReductionCUDA,
  author = {Mark Harris},
  title = {Optimizing Parallel Reduction in CUDA},
  organization = {NVidia},
  year = {2008}
}

@Book{Saad96IMSLS,
  author =	"Yousef Saad",
  title =	"Iterative Methods for Sparse Linear Systems",
  publisher =	"PWS",
  year =	"1996",
  ISBN = 	"053494776X"
}


@manual{opencl10,
  author = {{Khronos OpenCL Working Group}},
  title = {The OpenCL Specification, version 1.1.36},
  url = {www.khronos.org/registry/cl/specs/opencl-1.1.pdf},
  note = "\url{www.khronos.org/registry/cl/specs/opencl-1.1.pdf} Online: accessed \today" ,
  year = 2010,
  month = {September}
}

@Article{VOFG10Improving,
  title = {Improving the Performance of the Sparse Matrix Vector Product with {GPU}s},
  author = {F. Vazquez and G. Ortega and Jos{\'e}-Jes{\'u}s Fern{\'a}ndez and Ester M. Garz{\'o}n"},
  publisher = "IEEE Computer Society",
  year = 2010
}

@techreport{LiSa10GAPILS,
  title = {{GPU}-Accelerated Preconditioned Iterative Linear Solvers},
  author = {R. Li and Y. Saad}, 
  institution=msi,
  address=uofmad,
  year={2010},
}

@book{ortega1988introduction,
  title={Introduction to Parallel and Vector Solution of Linear Systems},
  author={Ortega, J.M.},
  isbn={9780306428623},
  lccn={88000721},
  series={Frontiers of Computer Science},
  year={1988},
  publisher={Springer}
}

@article{GuSo05JAMC,
title={The effect of block red-black ordering on blockILU preconditioner for sparse matrices},
author={Guessous, N. and Souhar, O.},
year={2005},
issn={1598-5865},
journal={Journal of Applied Mathematics and Computing},
volume={17},
issue={1-2},
doi={10.1007/BF02936055},
publisher={Springer-Verlag},
pages={283-296},
language={English}
}

@MISC{Cusp,
  author = "Nathan Bell and Michael Garland",
  title = "Cusp: Generic Parallel Algorithms for Sparse Matrix and Graph Computations",
  year = "2012",
  url = "http://cusp-library.googlecode.com",
  note = "Version 0.3.0. http://cusp-library.googlecode.com"
}

@manual{cuSPARSE,
    keywords = {cuda, gpu},
    month = feb,
    organization = {NVIDIA},
    posted-at = {2012-02-08},
    priority = {2},
    title = {{CUDA Toolkit 4.2 CUSPARSE Library}},
    year = {2012}
}

@Misc{MKL,
  author = {Intel},
  title  = {Math Kernel Library},
  note = "http://developer.intel.com/software/products/mkl/"
}

@manual{CUDA,
    keywords = {cuda, gpu},
    howpublished = {http://developer.download.nvidia.com/compute/cuda/1\_0/NVIDIA\_CUDA\_Programming\_Guide\_1.0.pdf},
    posted-at = {2012-04-16},
    priority = {3},
    title = {{NVIDIA CUDA Compute Unified Device Architecture - Programming Guide}},
    url = {http://developer.download.nvidia.com/compute/cuda/1\_0/NVIDIA\_CUDA\_Programming\_Guide\_1.0.pdf},
    year = {2012}
}

@Article{ChSi10MDAS,
  author    = {Jee W. Choi and
               Amik Singh and
               Richard W. Vuduc},
  title     = {Model-driven autotuning of sparse matrix-vector multiply
               on GPUs},
  booktitle = {PPOPP},
  year      = {2010},
  pages     = {115-126}
}

@TECHREPORT{Blelloch93segmentedoperations,
    author = {Guy E. Blelloch and Michael A. Heroux and Marco Zagha},
    title = {Segmented Operations for Sparse Matrix Computation on Vector Multiprocessors},
    institution = {},
    year = {1993}
}

@incollection{MoLo10ATSMV,
    year={2010},
    booktitle={High Performance Embedded Architectures and Compilers},
    volume={5952},
    series={Lecture Notes in Computer Science},
    editor={Patt, YaleN. and Foglia, Pierfrancesco and Duesterwald, Evelyn and Faraboschi, Paolo and Martorell, Xavier},
    doi={10.1007/978-3-642-11515-8_10},
    title={Automatically Tuning Sparse Matrix-Vector Multiplication for GPU Architectures},
    url={http://dx.doi.org/10.1007/978-3-642-11515-8_10},
    author={Monakov, Alexander and Lokhmotov, Anton and Avetisyan, Arutyun},
    pages={111-125}
}
